Sample references file.

@Misc{loremIpsum,
 key = {lorem ipsum},
 url = {http://la.wikisource.org/wiki/Lorem_ipsum}
}


@Misc{MatSch,
	key = {Matthias Schlöder},
	url = {NUMERICAL METHODS FOR OPTIMAL CONTROL OF CONSTRAINED BIOMECHANICAL MULTI-BODY SYSTEMS
	APPEARING IN THERAPY DESIGN OF CEREBRAL PALSY}
}



@article{MatSch22,
	Author = {Matthias Schlöder},
	Title = {NUMERICAL METHODS FOR OPTIMAL CONTROL OF CONSTRAINED BIOMECHANICAL MULTI-BODY SYSTEMS
	APPEARING IN THERAPY DESIGN OF CEREBRAL PALSY},
	Year = {2022}}
