

@article{MicPow09,
	Author = {Michael J. D. Powell},
	Title = {The BOBYQA algorithm for bound constrained	optimization without derivatives},
	Year = {2009}}




@article{MatSch22,
	Author = {Matthias Schl√∂der},
	Title = {NUMERICAL METHODS FOR OPTIMAL CONTROL OF CONSTRAINED BIOMECHANICAL MULTI-BODY SYSTEMS
	APPEARING IN THERAPY DESIGN OF CEREBRAL PALSY},
	Year = {2022}}
